74800000         186357166634                       0071020000000950043 RENATO DE ARAUJO              CCPI VANGUARDA PR/SP/RJ                 230052023092051618968060                                                                          
74800011E0440032 186357166634                       0071020000000950043 RENATO DE ARAUJO                                                      30042023000000000000093780CPBRL61896                                                              
7480001300001E   186357166634                       0071020000000950043 RENATO DE ARAUJO                    DPV0174807102            N0205202302052023000000000000007915C2090RX1RECEBIMENTO PIX          PIX_CRED  20110153000107 PAGHIPER SERV 
7480001300002E   186357166634                       0071020000000950043 RENATO DE ARAUJO                    DPV0174807102            N0505202305052023000000000000002523D1050T20CESTA DE RELACIONAMENTO                                         
7480001300003E   186357166634                       0071020000000950043 RENATO DE ARAUJO                    DPV0174807102            N0805202308052023000000000000008502C2090RX1RECEBIMENTO PIX          PIX_CRED  20110153000107 PAGHIPER SERV 
7480001300004E   186357166634                       0071020000000950043 RENATO DE ARAUJO                    DPV0174807102            N1105202311052023000000000000113753C2090RX1RECEBIMENTO PIX          PIX_CRED  20110153000107 PAGHIPER SERV 
7480001300005E   186357166634                       0071020000000950043 RENATO DE ARAUJO                    DPV0174807102            N1205202312052023000000000000069751D1200PX1PAGAMENTO PIX            PIX_DEB   78786754149 Osvaldo Alves Jun
7480001300006E   186357166634                       0071020000000950043 RENATO DE ARAUJO                    DPV0174807102            N1205202312052023000000000000024751C2090RX1RECEBIMENTO PIX          PIX_CRED  20110153000107 PAGHIPER SERV 
7480001300007E   186357166634                       0071020000000950043 RENATO DE ARAUJO                    DPV0174807102            N1505202315052023000000000000023223C2090RX1RECEBIMENTO PIX          PIX_CRED  20110153000107 PAGHIPER SERV 
7480001300008E   186357166634                       0071020000000950043 RENATO DE ARAUJO                    DPV0174807102            N1505202315052023000000000000057910C2090RX1RECEBIMENTO PIX          PIX_CRED  20110153000107 PAGHIPER SERV 
7480001300009E   186357166634                       0071020000000950043 RENATO DE ARAUJO                    DPV0174807102            N1905202319052023000000000000237000D1200PX1PAGAMENTO PIX            PIX_DEB   86357166634 RENATO DE ARAUJO 
7480001300010E   186357166634                       0071020000000950043 RENATO DE ARAUJO                    DPV0174807102            N1905202319052023000000000000024751C2090RX1RECEBIMENTO PIX          PIX_CRED  20110153000107 PAGHIPER SERV 
7480001300011E   186357166634                       0071020000000950043 RENATO DE ARAUJO                    DPV0174807102            N2205202322052023000000000000035000D1200PX1PAGAMENTO PIX            PIX_DEB   86370553620 CECILIA SILVA BAL
74800015         186357166634                       0071020000000950043                 00000000000000000000000000000000000000000000000000000031052023000000000000010311CP000013000000000000344274000000000000260805                            
74899999         000001000015000001                                                                                                                                                                                                             
